<record><leader>00000cas a2200000 a 4500</leader><controlfield tag="001">11826877</controlfield><controlfield tag="008">850320d19761993paumr ne      0   a0eng c</controlfield><datafield ind1=" " ind2=" " tag="010"><subfield code="a">sn 85054872 </subfield></datafield><datafield ind1=" " ind2=" " tag="040"><subfield code="a">NPH</subfield><subfield code="b">eng</subfield><subfield code="c">NPH</subfield><subfield code="d">NSD</subfield><subfield code="d">NPH</subfield><subfield code="d">PIT</subfield><subfield code="d">NVF</subfield><subfield code="d">OCLCQ</subfield><subfield code="d">OCLCF</subfield><subfield code="d">OCLCO</subfield></datafield><datafield ind1=" " ind2=" " tag="012"><subfield code="m">1</subfield></datafield><datafield ind1="0" ind2=" " tag="022"><subfield code="a">0895-5395</subfield><subfield code="l">0895-5395</subfield><subfield code="2">1</subfield></datafield><datafield ind1="1" ind2=" " tag="029"><subfield code="a">AU@</subfield><subfield code="b">000020372240</subfield></datafield><datafield ind1=" " ind2=" " tag="032"><subfield code="a">227900</subfield><subfield code="b">USPS</subfield></datafield><datafield ind1=" " ind2=" " tag="037"><subfield code="b">Greek Catholic Union of the U.S.A., 5400 Tuscarawas Rd., Beaver, PA 15009-9513</subfield></datafield><datafield ind1="0" ind2=" " tag="041"><subfield code="a">engslo</subfield></datafield><datafield ind1=" " ind2=" " tag="042"><subfield code="a">pcc</subfield><subfield code="a">nsdp</subfield></datafield><datafield ind1="1" ind2="0" tag="082"><subfield code="a">282</subfield><subfield code="2">11</subfield></datafield><datafield ind1="0" ind2=" " tag="210"><subfield code="a">GCU messenger</subfield></datafield><datafield ind1=" " ind2="0" tag="222"><subfield code="a">GCU messenger</subfield></datafield><datafield ind1="0" ind2="0" tag="245"><subfield code="a">GCU messenger.</subfield></datafield><datafield ind1="1" ind2="7" tag="246"><subfield code="a">Greek Catholic Union messenger</subfield><subfield code="f">1976-1993</subfield></datafield><datafield ind1=" " ind2=" " tag="260"><subfield code="a">Homestead, Pa. :</subfield><subfield code="b">Greek Catholic Union of the U.S.A.,</subfield><subfield code="c">1976-1993.</subfield></datafield><datafield ind1=" " ind2=" " tag="300"><subfield code="a">v.</subfield></datafield><datafield ind1=" " ind2=" " tag="310"><subfield code="a">Monthly,</subfield><subfield code="b">-1993</subfield></datafield><datafield ind1=" " ind2=" " tag="321"><subfield code="a">Weekly,</subfield><subfield code="b">1976-Dec. 13, 1979</subfield></datafield><datafield ind1=" " ind2=" " tag="321"><subfield code="a">Biweekly,</subfield><subfield code="b">Jan. 10, 1980-</subfield></datafield><datafield ind1="0" ind2=" " tag="362"><subfield code="a">[Vol.] 84, no. 44 (Nov. 18, 1976)-v. 101, no. 12 (Dec. 9, 1993).</subfield></datafield><datafield ind1=" " ind2=" " tag="500"><subfield code="a">Place of publication varies: Munhall, Pa., &lt;1981&gt;-Aug. 13, 1987; Beaver, Pa., Aug. 27, 1987-1993.</subfield></datafield><datafield ind1=" " ind2=" " tag="546"><subfield code="a">In English and Slovak.</subfield></datafield><datafield ind1=" " ind2="0" tag="650"><subfield code="a">Ruthenians</subfield><subfield code="z">United States</subfield><subfield code="v">Newspapers.</subfield></datafield><datafield ind1=" " ind2="7" tag="655"><subfield code="a">Newspapers.</subfield><subfield code="2">fast</subfield><subfield code="0">(OCoLC)fst01423814</subfield></datafield><datafield ind1=" " ind2="7" tag="650"><subfield code="a">Ruthenians.</subfield><subfield code="2">fast</subfield><subfield code="0">(OCoLC)fst01102572</subfield></datafield><datafield ind1=" " ind2="7" tag="651"><subfield code="a">United States.</subfield><subfield code="2">fast</subfield><subfield code="0">(OCoLC)fst01204155</subfield></datafield><datafield ind1="2" ind2=" " tag="710"><subfield code="a">Greek Catholic Union of the U.S.A.</subfield></datafield><datafield ind1=" " ind2=" " tag="752"><subfield code="a">United States</subfield><subfield code="b">Pennsylvania</subfield><subfield code="c">Beaver</subfield><subfield code="d">Beaver.</subfield></datafield><datafield ind1=" " ind2=" " tag="752"><subfield code="a">United States</subfield><subfield code="b">Pennsylvania</subfield><subfield code="c">Allegheny</subfield><subfield code="d">Homestead.</subfield></datafield><datafield ind1=" " ind2=" " tag="752"><subfield code="a">United States</subfield><subfield code="b">Pennsylvania</subfield><subfield code="c">Allegheny</subfield><subfield code="d">Munhall.</subfield></datafield><datafield ind1="0" ind2="0" tag="780"><subfield code="t">Greek Catholic Union messenger</subfield><subfield code="w">(DLC)sn 85054871</subfield><subfield code="w">(OCoLC)2778261</subfield></datafield><datafield ind1="0" ind2="0" tag="785"><subfield code="t">GCU magazine</subfield><subfield code="w">(DLC)sn 94042129</subfield><subfield code="w">(OCoLC)29892588</subfield></datafield></record>